% Encoding: UTF-8

@Article{zimmer16,
  author   = {Oliver Zimmer},
  title    = {Multi-mirror imaging optics for low-loss transport of divergent neutron beams and tailored wavelength spectra},
  journal  = {arXiv},
  year     = {2016},
  month    = {November},
  file     = {:Zimmer_Multi-mirror_arXiv_1611.07353.pdf:PDF},
  keywords = {neutron optics, supermirror, bandpass mirror, cold neutrons, neutron EDM},
}

@Article{zimmer18,
  author  = {Oliver Zimmer},
  title   = {Imaging nested-mirror assemblies â€“ A new generation of neutron delivery systems?},
  journal = {Journal of Neutron Research},
  year    = {2018},
  volume  = {20},
  number  = {91-98},
  file    = {:/home/cherb/LRZ Sync+Share/Doktorarbeit/Literatur/MiezeFoc/Zimmer_Nested-Mirrors_JNR2018.pdf:PDF},
}

@Comment{jabref-meta: databaseType:bibtex;}
