% Encoding: UTF-8

@Article{janoschek13,
  author    = {Janoschek, M. and Garst, M. and Bauer, A. and Krautscheid, P. and Georgii, R. and B\"oni, P. and Pfleiderer, C.},
  title     = {Fluctuation-induced first-order phase transition in {Dzyaloshinskii-Moriya helimagnets}},
  journal   = {Phys. Rev. B},
  year      = {2013},
  volume    = {87},
  pages     = {134407},
  month     = {Apr},
  doi       = {10.1103/PhysRevB.87.134407},
  file      = {:MnSi_underpress/janoschek_brazovskii.pdf:PDF},
  groups    = {Pressure_medium, MnSi_underpressure},
  issue     = {13},
  numpages  = {16},
  owner     = {christoph},
  publisher = {American Physical Society},
  timestamp = {2019.01.08},
  url       = {https://link.aps.org/doi/10.1103/PhysRevB.87.134407},
}

@Article{pfleidererhe97,
  author  = {Pfleiderer,C. and Bedin,E. and Salce,B.},
  title   = {He activated loading device for low temperature uniaxial and anvil cell pressure experiments},
  journal = {Review of Scientific Instruments},
  year    = {1997},
  volume  = {68},
  number  = {8},
  pages   = {3120-3124},
  doi     = {10.1063/1.1148254},
  eprint  = {https://doi.org/10.1063/1.1148254},
  file    = {:Pressure_Cells/he_activatedpc.pdf:PDF},
  groups  = {Pressure_cells},
  url     = { 
 https://doi.org/10.1063/1.1148254
 
},
}

@MastersThesis{herb2019,
  author = {Christoph Herb},
  title  = {Investigation of MnSi under hydrostatic pressure},
  school = {Technical University Munich},
  year   = {2019},
  file   = {:/home/cherb/LRZ Sync+Share/MasterArbeit/cherb_masterthesis.pdf:PDF},
}

@Article{pfleiderer97,
  author    = {Pfleiderer, C. and McMullan, G. J. and Julian, S. R. and Lonzarich, G. G.},
  title     = {Magnetic quantum phase transition in {MnSi} under hydrostatic pressure},
  journal   = {Phys. Rev. B},
  year      = {1997},
  volume    = {55},
  pages     = {8330--8338},
  month     = {Apr},
  doi       = {10.1103/PhysRevB.55.8330},
  file      = {:MnSi_underpress/pfl_tricritpoint.pdf:PDF},
  groups    = {MnSi_underpressure},
  issue     = {13},
  numpages  = {0},
  owner     = {christoph},
  publisher = {American Physical Society},
  timestamp = {2019.01.05},
  url       = {https://link.aps.org/doi/10.1103/PhysRevB.55.8330},
}

@Comment{jabref-meta: databaseType:bibtex;}
